


@misc{rfc1,

       title = "\url{https://www.ietf.org/rfc/rfc4251.txt}",
       year = "consultada el 27 de Octubre de 2015",
}

@misc{rfc2,

       title = "\url{https://tools.ietf.org/html/rfc854}",
       year = "consultada el 27 de Octubre de 2015",
}



@misc{wikipedia1,

       title = "\url{https://en.wikipedia.org/wiki/Telnet}",
       year = "consultada el 27 de Octubre de 2015",
}

@misc{redhat0,

       title = "\url{https://access.redhat.com/documentation/en-US/Red_Hat_Enterprise_Linux/6/html/Deployment_Guide/sec-Managing_Yum_Repositories.html}",
       annote = "Como a√±adir repositorio en yum",
       year = "consultada el 30 de Octubre de 2015",
}

@misc{redhat1,

       title = "\url{https://access.redhat.com/documentation/en-US/Red_Hat_Enterprise_Linux/6/html/Deployment_Guide/sec-Setting_repository_Options.html}",
       annote = "Centos FQA",
       year = "consultada el 30 de Octubre de 2015",
}


@misc{debian0,

       title = "\url{https://www.debian.org/doc/manuals/debian-handbook/sect.apt-get.es.html}",
       annote = "Handbook debian",
       year = "consultada el 30 de Octubre de 2015",
}

@misc{debian1,

       title = "\url{https://wiki.debian.org/SourcesList}",
       year = "consultada el 30 de Octubre de 2015",
}

@misc{debian2,

       title = "\url{https://wiki.debian.org/SourcePackage}",
       year = "consultada el 30 de Octubre de 2015",
}

@misc{redhat2,

       title = "\url{https://access.redhat.com/documentation/en-US/Red_Hat_Enterprise_Linux/5/html/Virtualization/chap-Virtualization-Remote_management_of_virtualized_guests.html}",
       annote = "ssh ",
       year = "consultada el 30 de Octubre de 2015",
}



@misc{redhat3,

       title = "\url{https://access.redhat.com/documentation/en-US/Red_Hat_Enterprise_Linux/6/html/V2V_Guide/Preperation_Before_the_P2V_Migration-Enable_Root_Login_over_SSH.html}",
       year = "consultada el 30 de Octubre de 2015",
}

@misc{centos0,

       title = "\url{https://wiki.centos.org/HowTos/Network/SecuringSSH}",
       annote = "CentOS wiki",
       year = "consultada el 1 de Noviembre de 2015",
}


@misc{lighttp,

       title = "\url{http://www.lighttpd.net/}",
       year = "consultada el 1 de Noviembre de 2015",
}


@misc{tht,

       title = "\url{http://www.acme.com/software/thttpd/}",
       year = "consultada el 1 de Noviembre de 2015",
}

@misc{cheerokee,

       title = "\url{http://cherokee-project.com/}",
       year = "consultada el 1 de Noviembre de 2015",
}


@misc{wiki0,

       title = "\url{https://en.wikipedia.org/wiki/Patch_%28Unix%29}",
       year = "consultada el 1 de Noviembre de 2015",
}


@misc{buntu0,

       title = "\url{https://help.ubuntu.com/community/ApacheMySQLPHP#To_install_the_default_LAMP_stack_in_Ubuntu_10.04_and_above}",
       year = "consultada el 2 de Noviembre de 2015",
}


@misc{webmin,

       title = "\url{http://www.webmin.com/download.html}",
		year = "consultada el 2 de Noviembre de 2015",

}

@misc{direct34,

       title = "\url{http://www.directadmin.com/}",
       year = "consultada el 2 de Noviembre de 2015",
       
}


@misc{isp,

       title = "\url{http://www.ispconfig.org/page/home.html}",
       year = "consultada el 2 de Noviembre de 2015",
       
}

@misc{windows2,

       title = "\url{https://azure.microsoft.com/en-us/documentation/articles/virtual-machines-linux-install-lamp-stack/}",
       year = "consultada el 2 de Noviembre de 2015",
       
}


@misc{phpmy,

       title = "\url{http://docs.phpmyadmin.net/en/latest/config.html#server-connection-settings}",
       year = "consultada el 2 de Noviembre de 2015",
       
}

@misc{phpini,

       title = "\url{http://php.net/manual/en/ini.list.php}",
       year = "consultada el 2 de Noviembre de 2015",
       
}



@misc{fedorawiki1,

       title = "\url{http://fedoraproject.org/wiki/VMWare}",
       year = "consultada el 14 de Noviembre de 2015",
       
}

@misc{docspython,

       title = "\url{https://docs.python.org/}",
       year = "consultada el 14 de Noviembre de 2015",
       
}
